% Aprendizaje por Refuerzo

@article{Turing1950-TURCMA,
	journal = {Mind},
	publisher = {Oxford University Press},
	volume = {59},
	title = {Computing Machinery and Intelligence},
	number = {October},
	author = {Alan M. Turing},
	year = {1950},
	pages = {433-460}
}

@book{Russell:2009:AIM:1671238,
    author = {Russell, Stuart and Norvig, Peter},
    title = {Artificial Intelligence: A Modern Approach},
    year = {2009},
    isbn = {0136042597, 9780136042594},
    edition = {3rd},
    publisher = {Prentice Hall Press},
    address = {Upper Saddle River, NJ, USA}
}

@book{Sutton:2018:RLI:3312046,
    author = {Sutton, Richard S. and Barto, Andrew G.},
    title = {Reinforcement Learning: An Introduction},
    year = {2018},
    isbn = {0262039249, 9780262039246},
    publisher = {A Bradford Book},
    address = {USA}
}

% OpenAI

@misc{OpenAI_charter,
    author = {OpenAI},
    title = {OpenAI Charter},
    howpublished = {\url{https://openai.com/charter}},
    year = {2018}
}

@misc{baselines,
    author = {Dhariwal, Prafulla and Hesse, Christopher and Klimov, Oleg and Nichol, Alex and Plappert, Matthias and Radford, Alec and Schulman, John and Sidor, Szymon and Wu, Yuhuai and Zhokhov, Peter},
    title = {OpenAI Baselines},
    year = {2017},
    publisher = {GitHub},
    journal = {GitHub repository},
    howpublished = {\url{https://github.com/openai/baselines}},
}

@misc{OpenAI_dota,
    author = {OpenAI},
    title = {OpenAI Five},
    howpublished = {\url{https://blog.openai.com/openai-five/}},
    year = {2018}
}

@misc{spinningup,
    author = {OpenAI},
    title = {SpinningUp},
    howpublished = {\url{https://spinningup.openai.com/en/latest/}}
}

% Aprendizaje Profundo

@book{Buduma:2017:FDL:3161223,
    author = {Buduma, Nikhil and Locascio, Nicholas},
    title = {Fundamentals of Deep Learning: Designing Next-Generation Machine Intelligence Algorithms},
    year = {2017},
    isbn = {1491925612, 9781491925614},
    edition = {1st},
    publisher = {O'Reilly Media, Inc.}
}

% Aprendizaje Profundo por Refuerzo

@article{mnih2015humanlevel,
    added-at = {2015-08-26T14:46:40.000+0200},
    author = {Mnih, Volodymyr and Kavukcuoglu, Koray and Silver, David and Rusu, Andrei A. and Veness, Joel and Bellemare, Marc G. and Graves, Alex and Riedmiller, Martin and Fidjeland, Andreas K. and Ostrovski, Georg and Petersen, Stig and Beattie, Charles and Sadik, Amir and Antonoglou, Ioannis and King, Helen and Kumaran, Dharshan and Wierstra, Daan and Legg, Shane and Hassabis, Demis},
    biburl = {https://www.bibsonomy.org/bibtex/2fb15f4471c81dc2b9edf2304cb2f7083/hotho},
    description = {Human-level control through deep reinforcement learning - nature14236.pdf},
    interhash = {eac59980357d99db87b341b61ef6645f},
    intrahash = {fb15f4471c81dc2b9edf2304cb2f7083},
    issn = {00280836},
    journal = {Nature},
    keywords = {deep learning toread},
    month = feb,
    number = 7540,
    pages = {529--533},
    publisher = {Nature Publishing Group, a division of Macmillan Publishers Limited. All Rights Reserved.},
    timestamp = {2015-08-26T14:46:40.000+0200},
    title = {Human-level control through deep reinforcement learning},
    url = {http://dx.doi.org/10.1038/nature14236},
    volume = 518,
    year = 2015
}

% Recursos

% - OpenAI
% - Python
% - Keras
% - NumPy
% - scikit-learn
% - MatplotLib
% - Pandas